% Chapter 1
@ONLINE{website:doxygen,
    author = "Dimitri {van Heesch}",
    title = "Doxygen",
    url = "http://www.stack.nl/~dimitri/doxygen/"
}

@ONLINE{website:javadoc,
    author = "Oracle",
    title = "Javadoc",
    url = "http://www.oracle.com/technetwork/java/javase/documentation/index-jsp-135444.html"
}

@book{book:eloquent_ruby,
   author = "Russ Olsen",
   title = "Eloquent Ruby",
   year = "2011"
}

% Chapter 2
@ONLINE{website:treetop,
    author = "Nathan Sobo",
    title = "Treetop",
    url = "http://treetop.rubyforge.org"
}

% Chapter 3
@ONLINE{website:sqlite,
    author = "Luis Lavena",
    title = "SQLite3",
    url = "https://github.com/luislavena/sqlite3-ruby"
}

@ONLINE{website:peg,
    author = "Wikipedia",
    title = "Parsing Expression Grammar",
    url = "http://en.wikipedia.org/wiki/Parsing_expression_grammar"
}

% Chapter 5
@ONLINE{website:llvm,
    author = "LLVM{\ }Developer{\ }Group",
    title = "LLVM",
    url = "http://llvm.org/"
}
